<record><leader>00000cas a2200000 a 4500</leader><controlfield tag="001">884283273</controlfield><controlfield tag="008">140721c19889999gau x ne      0    0eng c</controlfield><datafield ind1=" " ind2=" " tag="010"><subfield code="a">  2014233020</subfield></datafield><datafield ind1=" " ind2=" " tag="040"><subfield code="a">GUA</subfield><subfield code="b">eng</subfield><subfield code="c">GUA</subfield><subfield code="d">GUA</subfield><subfield code="d">OCLCF</subfield></datafield><datafield ind1=" " ind2=" " tag="042"><subfield code="a">pcc</subfield></datafield><datafield ind1="1" ind2="4" tag="050"><subfield code="a">LD6501.E28</subfield><subfield code="b">H66</subfield></datafield><datafield ind1="0" ind2=" " tag="130"><subfield code="a">Hoopee bird (Swainsboro, Ga. : 1988)</subfield></datafield><datafield ind1="1" ind2="4" tag="245"><subfield code="a">The Hoopee bird.</subfield></datafield><datafield ind1=" " ind2=" " tag="260"><subfield code="a">Swainsboro, Ga. :</subfield><subfield code="b">East Georgia College</subfield></datafield><datafield ind1=" " ind2=" " tag="300"><subfield code="a">v.</subfield></datafield><datafield ind1=" " ind2=" " tag="310"><subfield code="a">Frequency varies</subfield></datafield><datafield ind1="1" ind2=" " tag="362"><subfield code="a">Began in Nov. 1988 with vol. 16, no.1.</subfield></datafield><datafield ind1=" " ind2=" " tag="588"><subfield code="a">Description based on: Vol. 16, no. 1 (Nov. 9, 1988); title from masthead.</subfield></datafield><datafield ind1=" " ind2=" " tag="588"><subfield code="a">Latest issue consulted: Vol. 17, no. 1 (Nov. 29, 1989).</subfield></datafield><datafield ind1="2" ind2="0" tag="610"><subfield code="a">East Georgia College</subfield><subfield code="v">Newspapers.</subfield></datafield><datafield ind1=" " ind2="0" tag="651"><subfield code="a">Swainsboro (Ga.)</subfield><subfield code="v">Newspapers.</subfield></datafield><datafield ind1=" " ind2="7" tag="655"><subfield code="a">Newspapers.</subfield><subfield code="2">fast</subfield><subfield code="0">(OCoLC)fst01423814</subfield></datafield><datafield ind1="2" ind2="7" tag="610"><subfield code="a">East Georgia College.</subfield><subfield code="2">fast</subfield><subfield code="0">(OCoLC)fst00676086</subfield></datafield><datafield ind1=" " ind2="7" tag="651"><subfield code="a">Georgia</subfield><subfield code="z">Swainsboro.</subfield><subfield code="2">fast</subfield><subfield code="0">(OCoLC)fst01217760</subfield></datafield><datafield ind1="2" ind2=" " tag="710"><subfield code="a">East Georgia College.</subfield></datafield><datafield ind1="0" ind2="0" tag="780"><subfield code="t">Hoopee bird (Swainsboro, Ga. : 1974)</subfield><subfield code="w">(OCoLC)17784525</subfield><subfield code="w">(DLC)  2014233019</subfield></datafield></record>